@article{kaempfer2009phase,
  title={Phase-field modeling of dry snow metamorphism},
  author={Kaempfer, Thomas U and Plapp, Mathis},
  journal={Physical Review E},
  volume={79},
  number={3},
  pages={031502},
  year={2009},
  publisher={American Physical Society}
}